
@book{HallidayPhysik,
	author = {David Halliday and Robert Resnick and Jearl Walker},
	editor = {},
	publisher = {Wiley-Vch},
	title = {Halliday Physik},
	year = {2019}
}

@confrence{ExPhy1,
	author = {Sangam Chaterjee},
	title = {Experimentalphysik I: Mechanik und Elemente der Wärmelehre},
	year = 2022
}

@online{TrägheitsmomentWiki,
	author = {Wikipeida},
	title = {Trägheitsmoment},
	year = 2022,
	url = {https://de.wikipedia.org/wiki/Tr%C3%A4gheitsmoment},
	urldate = {2022-03-16}
}

@article{Aufgabenstellung,
	author = {Dr. Jens Sören Lange},
	title = {Anleitung zum Physikalischen Grundpraktikum Teil I (Mechanik und Thermodynamik)},
	organization = {JLU Gießen II. Physikalisches Institut},
	version = {1.3},
	date = {2022-02-28}
}

@article{AnleitungPraktikum,
	author = {Dr. Jens Sören Lange},
	title = {Physikalisches Grundpraktikum für Physik BSc, Physik Lehramt (L3), Materialwissenschaften BSc und Physik und Technologie für Raumfahrtanwendungen BSc},
	subtitle = {Versuchsanleitung Teil 1: Mechanik, Thermodynamik},
	date = {2020-02-01}
}

@online{Reaktionszeit,
	author = {www.bussgeldkatalog.org},
	title = {Reaktionszeit: Rechtzeitig gebremst?},
    year = 2022,
    url = {https://www.bussgeldkatalog.org/reaktionszeit/#},
    urldate = {2022-03-09}
}

@booklet{MMdP,
    author = {Michael Czerner and Christian Heiliger},
    title        = {Vorlesungsskript: Einführung in die mathematischen Methoden der Physik},
    organization = {JLU Gießen},
    date = {WS 2021/22}
}

@online{Steiner,
	author = {Wikipedia},
	title = {Steiner'scher Satz},
	year = 2022,
	url = {https://de.wikipedia.org/wiki/Steinerscher_Satz},
	urldate = {2022-03-18}
}

% Satz von Steiner Wiki