
@book{key,
  author         = {David Halliday, Robert Resnick, Jearl Walker},
  editor         = {},
  publisher      = {Wiley-Vch},
  title          = {Halliday Physik},
  year           = {2019}
}