
@online{Bernoulli-Gleichung,
  author = {Wikipeida},
  title = {Bernoulli-Gleichung},
  year = 2022,
  url = {https://de.wikipedia.org/wiki/Bernoulli-Gleichung#Druckgleichung},
  urldate = {2022-03-09}
}

@confrence{ExPhy1,
  author = {Sangam Chaterjee},
  title = {Experimentalphysik I: Mechanik und Elemente der Wärmelehre},
  year = 2022
}

@online{Ballon,
  author = {Schule & Familie},
  title = {Kostenlose Malvorlage: Luftballons},
  year = 2022,
  url = {https://www.schule-und-familie.de/malvorlagen/karneval-fasching-fastnacht/luftballons.html},
  urldate = {2022-09-03}
}

@article{Aufgabenstellung,
  author = {Dr. Jens Sören Lange},
  title = {Anleitung zum Physikalischen Grundpraktikum Teil I (Mechanik und Thermodynamik)},
  organization = {JLU Gießen II. Physikalisches Institut},
  version = {1.3},
  date = {2022-02-28}
}

@article{AnleitungPraktikum,
  author = {Dr. Jens Sören Lange},
  title = {Physikalisches Grundpraktikum für Physik BSc, Physik Lehramt (L3), Materialwissenschaften BSc und Physik und Technologie für Raumfahrtanwendungen BSc},
  subtitle = {Versuchsanleitung Teil 1: Mechanik, Thermodynamik},
  date = {2020-02-01}
}

@online{Reaktionszeit,
    author = {www.bussgeldkatalog.org},
    title = {Reaktionszeit: Rechtzeitig gebremst?},
    year = 2022,
    url = {https://www.bussgeldkatalog.org/reaktionszeit/#https://www.bussgeldkatalog.org/reaktionszeit/#},
    urldate = {2022-03-09}
}

@online{Standardabweichung,
    title = {Standardabweichung und Varianz berechnen einfach erklärt},
    author = {Studienkreis: Die Nachhilfe},
    url = {https://www.studienkreis.de/mathematik/varianz-standardabweichung/},
    year = 2022,
    urldate = {2022-03-09}
}

@online{Luftdruck,
    title = {Luftdruck},
    author = {Lexas Geographie},
    url = {https://www.lexas.de/klima/klimaelemente/luft/luftdruck.aspx},
    year = 2022,
    urldate = {2022-03-09}
}

@online{Ausstoß,
    title = {Smoke puff cloud icon},
    author = {Arkadi Bojaršinov},
    url = {https://de.dreamstime.com/e-r-image147149352},
    year = 2022,
    urldate = {2022-03-09}
}

@online{Überdruck,
    title = {Überdruck},
    author = {Chemie.de},
    url = {https://www.chemie.de/lexikon/%C3%9Cberdruck.html},
    year = 2022,
    urldate = {2022-03-09}
}
