@online{Federn,
    author = {iStock},
    title = {Illustration für Coil Spring Vector},
    url = {https://www.istockphoto.com/de/grafiken/coil-spring-vector},
    urldate = {2020-03-26}
}

@article{Aufgabenstellung,
	author = {Dr. Jens Sören Lange},
	title = {Anleitung zum Physikalischen Grundpraktikum Teil I (Mechanik und Thermodynamik)},
	organization = {JLU Gießen II. Physikalisches Institut},
	version = {1.3},
	date = {2022-02-28}
}

@article{AnleitungPraktikum,
	author = {Dr. Jens Sören Lange},
	title = {Physikalisches Grundpraktikum für Physik BSc, Physik Lehramt (L3), Materialwissenschaften BSc und Physik und Technologie für Raumfahrtanwendungen BSc},
	subtitle = {Versuchsanleitung Teil 1: Mechanik, Thermodynamik},
	date = {2020-02-01}
}

@online{Eigenmode,
    author = {Wikipedia},
    title = {Eigenmode},
    url = {https://de.wikipedia.org/wiki/Eigenmode},
    urldate = {2020-03-26}
}

@confrence{ExPhy1,
	author = {Sangam Chaterjee},
	title = {Experimentalphysik I: Mechanik und Elemente der Wärmelehre},
	year = 2022
}

@online{Trigonometrie,
	author = {Wikipedia},
	title = {Formelsammlung Trigonometrie},
	url = {https://de.wikipedia.org/wiki/Formelsammlung_Trigonometrie#Summen_zweier_trigonometrischer_Funktionen_(Identitäten)},
	urldate = {2022-03-26},
}